@Misc{ffmpeg,
title =    {{FFmpeg}},
howpublished = {\url{http://ffmpeg.org/}},
year = {2000--2018}
}

@article{detectors,
  author    = {Jonathan Huang and
               Vivek Rathod and
               Chen Sun and
               Menglong Zhu and
               Anoop Korattikara and
               Alireza Fathi and
               Ian Fischer and
               Zbigniew Wojna and
               Yang Song and
               Sergio Guadarrama and
               Kevin Murphy},
  title     = {Speed/accuracy trade-offs for modern convolutional object detectors},
  journal   = {CoRR},
  volume    = {abs/1611.10012},
  year      = {2016},
  url       = {http://arxiv.org/abs/1611.10012},
  archivePrefix = {arXiv},
  eprint    = {1611.10012},
  timestamp = {Wed, 07 Jun 2017 14:41:50 +0200},
  biburl    = {http://dblp.org/rec/bib/journals/corr/HuangRSZKFFWSG016},
  bibsource = {dblp computer science bibliography, http://dblp.org}
}

@inproceedings{videostar,
  title={Live Video Analytics at Scale with Approximation and Delay-Tolerance.},
  author={Zhang, Haoyu and Ananthanarayanan, Ganesh and Bodik, Peter and Philipose, Matthai and Bahl, Paramvir and Freedman, Michael J},
  booktitle={NSDI},
  volume={9},
  pages={1},
  year={2017}
}

@article{noscope,
 author = {Kang, Daniel and Emmons, John and Abuzaid, Firas and Bailis, Peter and Zaharia, Matei},
 title = {NoScope: Optimizing Neural Network Queries over Video at Scale},
 journal = {Proc. VLDB Endow.},
 issue_date = {August 2017},
 volume = {10},
 number = {11},
 month = aug,
 year = {2017},
 issn = {2150-8097},
 pages = {1586--1597},
 numpages = {12},
 url = {https://doi.org/10.14778/3137628.3137664},
 doi = {10.14778/3137628.3137664},
 acmid = {3137664},
 publisher = {VLDB Endowment},
}

@article{focus,
  title={Focus: Querying Large Video Datasets with Low Latency and Low Cost},
  author={Hsieh, Kevin and Ananthanarayanan, Ganesh and Bodik, Peter and Bahl, Paramvir and Philipose, Matthai and Gibbons, Phillip B and Mutlu, Onur},
  journal={arXiv preprint arXiv:1801.03493},
  year={2018}
}

@inproceedings{mcdnn,
 author = {Han, Seungyeop and Shen, Haichen and Philipose, Matthai and Agarwal, Sharad and Wolman, Alec and Krishnamurthy, Arvind},
 title = {MCDNN: An Approximation-Based Execution Framework for Deep Stream Processing Under Resource Constraints},
 booktitle = {Proceedings of the 14th Annual International Conference on Mobile Systems, Applications, and Services},
 series = {MobiSys '16},
 year = {2016},
 isbn = {978-1-4503-4269-8},
 location = {Singapore, Singapore},
 pages = {123--136},
 numpages = {14},
 url = {http://doi.acm.org/10.1145/2906388.2906396},
 doi = {10.1145/2906388.2906396},
 acmid = {2906396},
 publisher = {ACM},
 address = {New York, NY, USA},
 keywords = {approximation, dnn, recognition, video},
} 

@misc{lambda,
  title = {{AWS Lambda}},
  howpublished = "\url{https://aws.amazon.com/lambda/}",
}

@misc{functions,
  title = {{Azure Functions}},
  howpublished = "\url{https://azure.microsoft.com/en-us/services/functions/}",
}

@article{floyd1993random,
  title={Random early detection gateways for congestion avoidance},
  author={Floyd, Sally and Jacobson, Van},
  journal={IEEE/ACM Transactions on Networking (ToN)},
  volume={1},
  number={4},
  pages={397--413},
  year={1993},
  publisher={IEEE Press}
}

@article{stoica2001chord,
  title={Chord: A scalable peer-to-peer lookup service for internet applications},
  author={Stoica, Ion and Morris, Robert and Karger, David and Kaashoek, M Frans and Balakrishnan, Hari},
  journal={ACM SIGCOMM Computer Communication Review},
  volume={31},
  number={4},
  pages={149--160},
  year={2001},
  publisher={ACM}
}

@inproceedings{ernest,
author = {Shivaram Venkataraman and Zongheng Yang and Michael Franklin and Benjamin Recht and Ion Stoica},
title = {Ernest: Efficient Performance Prediction for Large-Scale Advanced Analytics},
booktitle = {13th {USENIX} Symposium on Networked Systems Design and Implementation ({NSDI '16})},
year = {2016},
pages = {363--378},
}

@inproceedings{cherrypick,
author = {Omid Alipourfard and Hongqiang Harry Liu and Jianshu Chen and Shivaram Venkataraman and Minlan Yu and Ming Zhang},
title = {CherryPick: Adaptively Unearthing the Best Cloud Configurations for Big Data Analytics},
booktitle = {14th {USENIX} Symposium on Networked Systems Design and Implementation ({NSDI} '17)},
year = {2017},
pages = {469--482},
}

@inproceedings{amazon-bandit,
 author = {Hill, Daniel N. and Nassif, Houssam and Liu, Yi and Iyer, Anand and Vishwanathan, S.V.N.},
 title = {An Efficient Bandit Algorithm for Realtime Multivariate Optimization},
 booktitle = {23rd ACM SIGKDD International Conference on Knowledge Discovery and Data Mining ({KDD '17})},
 year = {2017},
 pages = {1813--1821},
} 

@article{noscope,
 author = {Kang, Daniel and Emmons, John and Abuzaid, Firas and Bailis, Peter and Zaharia, Matei},
 title = {NoScope: Optimizing Neural Network Queries over Video at Scale},
 journal = {Proc. VLDB Endow.},
 volume = {10},
 number = {11},
 month = aug,
 year = {2017},
 pages = {1586--1597},
 numpages = {12},
} 

@article{bandit-non-stationary,
  author    = {Haipeng Luo and
               Alekh Agarwal and
               John Langford},
  title     = {Efficient Contextual Bandits in Non-stationary Worlds},
  journal   = {CoRR},
  volume    = {abs/1708.01799},
  year      = {2017},
}

@Book{optimal-experiment,
  author =	"F. Pukelsheim",
  title =	"Optimal Design of Experiments",
  publisher =	"John Wiley \& Sons Inc.",
  address =	"New York",
  year = 	"1993",
}

@Book{bayesian-mockus,
  author =	"J. Mockus",
  title =	"Bayesian approach to global optimization",
  publisher =	"Kluwer",
  address =	"Dordrecht",
  year = 	"1989",
}

@InProceedings{thompson-mab,
  title =	"Analysis of Thompson Sampling for the Multi-armed
		 Bandit Problem",
  author =	"Shipra Agrawal and Navin Goyal",
  booktitle =	"25th Conference on Learning
		 Theory ({COLT '12})",
  year = 	"2012",
  pages =	"39.1--39.26",
}

@Article{mab,
  title =	"Regret Analysis of Stochastic and Nonstochastic
		 Multi-armed Bandit Problems",
  author =	"S{\'e}bastien Bubeck and Nicol{\`o} Cesa-Bianchi",
  journal =	"Foundations and Trends in Machine Learning",
  year = 	"2012",
  number =	"1",
  volume =	"5",
  pages =	"1--122",
}

@inproceedings{he2016deep,
  title={Deep residual learning for image recognition},
  author={He, Kaiming and Zhang, Xiangyu and Ren, Shaoqing and Sun, Jian},
  booktitle={Proceedings of the IEEE conference on computer vision and pattern recognition},
  pages={770--778},
  year={2016}
}

@inproceedings{he2017mask,
  title={Mask r-cnn},
  author={He, Kaiming and Gkioxari, Georgia and Doll{\'a}r, Piotr and Girshick, Ross},
  booktitle={Computer Vision (ICCV), 2017 IEEE International Conference on},
  pages={2980--2988},
  year={2017},
  organization={IEEE}
}

@misc{videonews1,
  title = {{Artificial Intelligence Surveillance Cameras Security}},
  howpublished = "\url{https://www.theverge.com/2018/1/23/16907238/artificial-intelligence-surveillance-cameras-security}",
}
@misc{videonews2,
  title = {{New Search Engine Revolutionizes Video Surveillance}},
  howpublished = "\url{https://i-hls.com/archives/80734}",
}
@misc{twitch,
  title = {{Twitch.tv}},
  howpublished = "\url{https://www.twitch.tv/}",
}
@misc{yolo,
  title = {{Yolo}},
  howpublished = "\url{https://pjreddie.com/darknet/yolo/}",
}

@inproceedings{zhang2015design,
  title={The design and implementation of a wireless video surveillance system},
  author={Zhang, Tan and Chowdhery, Aakanksha and Bahl, Paramvir Victor and Jamieson, Kyle and Banerjee, Suman},
  booktitle={Proceedings of the 21st Annual International Conference on Mobile Computing and Networking},
  pages={426--438},
  year={2015},
  organization={ACM}
}

@article{faster-rcnn,
  title={Fast r-cnn},
  author={Girshick, Ross},
  journal={arXiv preprint arXiv:1504.08083},
  year={2015}
}

@article{mobilenets,
  title={Mobilenets: Efficient convolutional neural networks for mobile vision applications},
  author={Howard, Andrew G and Zhu, Menglong and Chen, Bo and Kalenichenko, Dmitry and Wang, Weijun and Weyand, Tobias and Andreetto, Marco and Adam, Hartwig},
  journal={arXiv preprint arXiv:1704.04861},
  year={2017}
}

@inproceedings{resnet,
  title={Inception-v4, inception-resnet and the impact of residual connections on learning.},
  author={Szegedy, Christian and Ioffe, Sergey and Vanhoucke, Vincent and Alemi, Alexander A},
  booktitle={AAAI},
  volume={4},
  pages={12},
  year={2017}
}

@article{voc,
  title={The pascal visual object classes (voc) challenge},
  author={Everingham, Mark and Van Gool, Luc and Williams, Christopher KI and Winn, John and Zisserman, Andrew},
  journal={International journal of computer vision},
  volume={88},
  number={2},
  pages={303--338},
  year={2010},
  publisher={Springer}
}

@inproceedings{videostorm,
  title={Live Video Analytics at Scale with Approximation and Delay-Tolerance.},
  author={Zhang, Haoyu and Ananthanarayanan, Ganesh and Bodik, Peter and Philipose, Matthai and Bahl, Paramvir and Freedman, Michael J},
  booktitle={NSDI},
  volume={9},
  pages={1},
  year={2017}
}

@inproceedings{mcdnn,
  title={Mcdnn: An approximation-based execution framework for deep stream processing under resource constraints},
  author={Han, Seungyeop and Shen, Haichen and Philipose, Matthai and Agarwal, Sharad and Wolman, Alec and Krishnamurthy, Arvind},
  booktitle={Proceedings of the 14th Annual International Conference on Mobile Systems, Applications, and Services},
  pages={123--136},
  year={2016},
  organization={ACM}
}